<?xml version="1.0" encoding="UTF-8"?><collection xmlns="http://www.loc.gov/MARC21/slim"><record><leader>00528nam--2200181-i-4500</leader><controlfield tag="001">000013461</controlfield><controlfield tag="002">20161230</controlfield><controlfield tag="005">20161230201030</controlfield><controlfield tag="008">060222s1000------------r-----000-0-eng-d</controlfield><datafield ind1=" " ind2=" " tag="040"><subfield code="a">IFIN-HH</subfield></datafield><datafield ind1=" " ind2=" " tag="080"><subfield code="a">531(038)</subfield></datafield><datafield ind1="1" ind2=" " tag="100"><subfield code="a">Iacob, Caius</subfield></datafield><datafield ind1="1" ind2="0" tag="245"><subfield code="a">Dictionar de mecanica</subfield><subfield code="c">Caius iacob (coordonator), gheorghita i. stefan, mircea soare, dragos lazar</subfield></datafield><datafield ind1=" " ind2=" " tag="260"><subfield code="a">Bucuresti</subfield><subfield code="b">Editura Stiintifica Si Enciclopedica</subfield><subfield code="c">1980</subfield></datafield><datafield ind1=" " ind2=" " tag="300"><subfield code="a">534P</subfield></datafield><datafield ind1="1" ind2=" " tag="700"><subfield code="a">Lazar, Dragos</subfield></datafield><datafield ind1=" " ind2=" " tag="852"><subfield code="a">D.547</subfield><subfield code="c">SLF</subfield></datafield><datafield ind1=" " ind2=" " tag="CAT"><subfield code="a">Sys</subfield><subfield code="c">20130207</subfield><subfield code="h">113652</subfield></datafield></record></collection>